<record><leader>00000cas a2200000 a 4500</leader><controlfield tag="001">12494491</controlfield><controlfield tag="008">850905d19311931caudn ne      0    0eng  </controlfield><datafield ind1=" " ind2=" " tag="010"><subfield code="a">sn 85099958 </subfield></datafield><datafield ind1=" " ind2=" " tag="040"><subfield code="a">DLC</subfield><subfield code="b">eng</subfield><subfield code="c">DLC</subfield><subfield code="d">CNK</subfield><subfield code="d">DLC</subfield><subfield code="d">CNK</subfield><subfield code="d">DLC</subfield><subfield code="d">OCLCQ</subfield><subfield code="d">OCLCF</subfield><subfield code="d">OCLCO</subfield></datafield><datafield ind1="1" ind2=" " tag="029"><subfield code="a">AU@</subfield><subfield code="b">000022902328</subfield></datafield><datafield ind1=" " ind2=" " tag="042"><subfield code="a">pcc</subfield></datafield><datafield ind1=" " ind2=" " tag="043"><subfield code="a">n-us-ca</subfield></datafield><datafield ind1="0" ind2="0" tag="050"><subfield code="a">Newspaper Microfilm 2940</subfield></datafield><datafield ind1="0" ind2="0" tag="245"><subfield code="a">Los Angeles evening herald, evening express.</subfield></datafield><datafield ind1="3" ind2="0" tag="246"><subfield code="a">Evening herald</subfield></datafield><datafield ind1="3" ind2="0" tag="246"><subfield code="a">Evening express</subfield></datafield><datafield ind1="1" ind2="7" tag="246"><subfield code="a">Los Angeles evening herald and express</subfield></datafield><datafield ind1=" " ind2=" " tag="260"><subfield code="a">Los Angeles [Calif.] :</subfield><subfield code="b">Evening Herald Print. Co.,</subfield><subfield code="c">1931.</subfield></datafield><datafield ind1=" " ind2=" " tag="300"><subfield code="a">1 volume</subfield></datafield><datafield ind1=" " ind2=" " tag="310"><subfield code="a">Daily (except Sunday)</subfield></datafield><datafield ind1=" " ind2=" " tag="336"><subfield code="a">text</subfield><subfield code="b">txt</subfield><subfield code="2">rdacontent</subfield></datafield><datafield ind1=" " ind2=" " tag="337"><subfield code="a">unmediated</subfield><subfield code="b">n</subfield><subfield code="2">rdamedia</subfield></datafield><datafield ind1=" " ind2=" " tag="338"><subfield code="a">volume</subfield><subfield code="b">nc</subfield><subfield code="2">rdacarrier</subfield></datafield><datafield ind1="0" ind2=" " tag="362"><subfield code="a">Vol. 61, no. 222 (Dec. 10, 1931)-v. 61, no. 233 (Dec. 23, 1931).</subfield></datafield><datafield ind1=" " ind2=" " tag="530"><subfield code="a">Master negatives are available for duplication from:</subfield><subfield code="b">California Newspaper Microfilm Archive;</subfield><subfield code="c">for further information consult the CNMA at:</subfield><subfield code="u">http://cbsr.ucr.edu.</subfield></datafield><datafield ind1=" " ind2=" " tag="580"><subfield code="a">Merger of: Los Angeles evening express (Los Angeles, Calif. : 1930), and: Los Angeles evening herald.</subfield></datafield><datafield ind1=" " ind2="0" tag="651"><subfield code="a">Los Angeles (Calif.)</subfield><subfield code="v">Newspapers.</subfield></datafield><datafield ind1=" " ind2="0" tag="651"><subfield code="a">Los Angeles County (Calif.)</subfield><subfield code="v">Newspapers.</subfield></datafield><datafield ind1=" " ind2="7" tag="655"><subfield code="a">Newspapers.</subfield><subfield code="2">fast</subfield><subfield code="0">(OCoLC)fst01423814</subfield></datafield><datafield ind1=" " ind2="7" tag="651"><subfield code="a">California</subfield><subfield code="z">Los Angeles.</subfield><subfield code="2">fast</subfield><subfield code="0">(OCoLC)fst01204540</subfield></datafield><datafield ind1=" " ind2="7" tag="651"><subfield code="a">California</subfield><subfield code="z">Los Angeles County.</subfield><subfield code="2">fast</subfield><subfield code="0">(OCoLC)fst01205194</subfield></datafield><datafield ind1=" " ind2=" " tag="752"><subfield code="a">United States</subfield><subfield code="b">California</subfield><subfield code="c">Los Angeles</subfield><subfield code="d">Los Angeles.</subfield></datafield><datafield ind1="1" ind2="4" tag="780"><subfield code="t">Los Angeles evening express (Los Angeles, Calif. : 1930)</subfield><subfield code="w">(DLC)sn 95061002</subfield><subfield code="w">(OCoLC)32029261</subfield></datafield><datafield ind1="1" ind2="4" tag="780"><subfield code="t">Los Angeles evening herald</subfield><subfield code="w">(DLC)sn 84025969</subfield><subfield code="w">(OCoLC)10846404</subfield></datafield><datafield ind1="0" ind2="0" tag="785"><subfield code="t">Los Angeles evening herald and express</subfield><subfield code="w">(DLC)sn 85041092</subfield><subfield code="w">(OCoLC)12348083</subfield></datafield></record>